<record xmlns="http://www.loc.gov/MARC21/slim">
   <leader>03438cam a2200433 i 4500</leader>
   <controlfield tag="001">6803386</controlfield>
   <controlfield tag="003">OCoLC</controlfield>
   <controlfield tag="005">20150126154628.0</controlfield>
   <controlfield tag="008">140819t20152015ilua     b    001 0 eng c</controlfield>
   <datafield ind1=" " ind2=" " tag="010">
      <subfield code="a">  2014033218</subfield>
   </datafield>
   <datafield ind1=" " ind2=" " tag="015">
      <subfield code="a">GBB4D3278</subfield>
      <subfield code="2">bnb</subfield>
   </datafield>
   <datafield ind1=" " ind2=" " tag="020">
      <subfield code="a">9780810130210 (cloth : alk. paper)</subfield>
   </datafield>
   <datafield ind1=" " ind2=" " tag="020">
      <subfield code="a">0810130211 (cloth : alk. paper)</subfield>
   </datafield>
   <datafield ind1=" " ind2=" " tag="020">
      <subfield code="z">9780810168145 (ebook)</subfield>
   </datafield>
   <datafield ind1=" " ind2=" " tag="020">
      <subfield code="z">0810168146 (ebook)</subfield>
   </datafield>
   <datafield ind1=" " ind2=" " tag="035">
      <subfield code="a">ocn879583932</subfield>
   </datafield>
   <datafield ind1=" " ind2=" " tag="040">
      <subfield code="a">IEN/DLC</subfield>
      <subfield code="b">eng</subfield>
      <subfield code="e">rda</subfield>
      <subfield code="c">INU</subfield>
      <subfield code="d">DLC</subfield>
      <subfield code="d">YDXCP</subfield>
      <subfield code="d">BTCTA</subfield>
      <subfield code="d">BDX</subfield>
      <subfield code="d">OCLCO</subfield>
      <subfield code="d">UKMGB</subfield>
      <subfield code="d">CDX</subfield>
      <subfield code="d">INU</subfield>
      <subfield code="d">OCLCF</subfield>
      <subfield code="d">OCLCO</subfield>
      <subfield code="d">CHVBK</subfield>
      <subfield code="d">UAB</subfield>
      <subfield code="d">AEU</subfield>
   </datafield>
   <datafield ind1=" " ind2=" " tag="042">
      <subfield code="a">pcc</subfield>
   </datafield>
   <datafield ind1="0" ind2="4" tag="050">
      <subfield code="a">PG3415.F54</subfield>
      <subfield code="b">T69 2015</subfield>
   </datafield>
   <datafield ind1="0" ind2="4" tag="082">
      <subfield code="a">791.436</subfield>
      <subfield code="2">23</subfield>
   </datafield>
   <datafield ind1=" " ind2=" " tag="090">
      <subfield code="a">PG 3415 F54 T69 2015</subfield>
      <subfield code="b">AEU</subfield>
   </datafield>
   <datafield ind1="0" ind2="0" tag="245">
      <subfield code="a">Tolstoy on screen /</subfield>
      <subfield code="c">edited by Lorna Fitzsimmons and Michael A. Denner.</subfield>
   </datafield>
   <datafield ind1=" " ind2="1" tag="264">
      <subfield code="a">Evanston, Illinois :</subfield>
      <subfield code="b">Northwestern University Press,</subfield>
      <subfield code="c">2015.</subfield>
   </datafield>
   <datafield ind1=" " ind2="4" tag="264">
      <subfield code="c">©2015</subfield>
   </datafield>
   <datafield ind1=" " ind2=" " tag="300">
      <subfield code="a">344 pages :</subfield>
      <subfield code="b">illustrations ;</subfield>
      <subfield code="c">24 cm</subfield>
   </datafield>
   <datafield ind1=" " ind2=" " tag="336">
      <subfield code="a">text</subfield>
      <subfield code="b">txt</subfield>
      <subfield code="2">rdacontent</subfield>
   </datafield>
   <datafield ind1=" " ind2=" " tag="336">
      <subfield code="a">still image</subfield>
      <subfield code="b">sti</subfield>
      <subfield code="2">rdacontent</subfield>
   </datafield>
   <datafield ind1=" " ind2=" " tag="337">
      <subfield code="a">unmediated</subfield>
      <subfield code="b">n</subfield>
      <subfield code="2">rdamedia</subfield>
   </datafield>
   <datafield ind1=" " ind2=" " tag="338">
      <subfield code="a">volume</subfield>
      <subfield code="b">nc</subfield>
      <subfield code="2">rdacarrier</subfield>
   </datafield>
   <datafield ind1=" " ind2=" " tag="504">
      <subfield code="a">Includes bibliographical references and index.</subfield>
   </datafield>
   <datafield ind1="0" ind2="0" tag="505">
      <subfield code="t">Introduction /</subfield>
      <subfield code="r">Michael A. Denner --</subfield>
      <subfield code="g">Part I. "Father Sergius" --</subfield>
      <subfield code="t">The swansong of early Russian cinema: Iakov Protazanov's Father Sergius (1918) /</subfield>
      <subfield code="r">Denise J. Youngblood --</subfield>
      <subfield code="g">Part II. Resurrection --</subfield>
      <subfield code="t">"A free adaptation of Leo Tolstoy's powerful novel": D. W. Griffith's Resurrection (1909) and American commercial cinema /</subfield>
      <subfield code="r">Vance Kepley --</subfield>
      <subfield code="t">Beyond the melodrama of Kachūsha-mono: Mizoguchi Kenji's Straits of love and hate (Aien kyō, 1937) /</subfield>
      <subfield code="r">Rie Karatsu --</subfield>
      <subfield code="t">Mikhail Shveitser's Resurrection (1960, 1962): film adaptation as thaw narrative /</subfield>
      <subfield code="r">David Gillespie --</subfield>
      <subfield code="g">Part III. A living corpse --</subfield>
      <subfield code="t">When we dead awaken: A living corpse as a moving picture /</subfield>
      <subfield code="r">William Nickell --</subfield>
      <subfield code="g">Part IV. War and peace --</subfield>
      <subfield code="t">Natasha at the opera: cinematic treatments of performance in Tolstoy's War and peace /</subfield>
      <subfield code="r">Sharon Marie Carnicke --</subfield>
      <subfield code="t">Tolstoy's comrades: Sergei Bondarchuk's War and peace (1966-67) and the origins of Brezhnev culture /</subfield>
      <subfield code="r">Stephen M. Norris --</subfield>
      <subfield code="t">Tolstoy transnational: Dornhelm's adaptation of War and peace for television (2007) /</subfield>
      <subfield code="r">Christine Engel --</subfield>
      <subfield code="g">Part V. The Kreutzer sonata --</subfield>
      <subfield code="t">Visualizing ambiguity: two Italian adaptations of the Kreutzer sonata /</subfield>
      <subfield code="r">Paolo Noto --</subfield>
      <subfield code="g">Part VI. "The death of Ivan Il'ich" --</subfield>
      <subfield code="t">Out of breath: Bernard Rose's Ivans xtc. (2000) and Tolstoy's "The death of Ivan Il'ich" /</subfield>
      <subfield code="r">Amy Mandelker --</subfield>
      <subfield code="g">Part VII. "A prisoner of the Caucasus" --</subfield>
      <subfield code="t">Inverting the imperial dyad: post-Soviet screen adaptations of Tolstoy's "A prisoner of the Caucasus" /</subfield>
      <subfield code="r">Vlad Strukov and Sarah Hudspith --</subfield>
      <subfield code="g">Part VIII. Anna Karenina --</subfield>
      <subfield code="t">Screening Anna Karenina: myth via novel or novel via myth /</subfield>
      <subfield code="r">Irina Makoveeva --</subfield>
      <subfield code="t">Anna in Almaty: Darezhan Omirbaev's Shuga (2007) /</subfield>
      <subfield code="r">Alyssa DeBlasio --</subfield>
      <subfield code="t">Adaptation in contexts: a tale of two Annas /</subfield>
      <subfield code="r">Catharine Theimer Nepomnyashchy.</subfield>
   </datafield>
   <datafield ind1=" " ind2=" " tag="596">
      <subfield code="a">43</subfield>
   </datafield>
   <datafield ind1="1" ind2="0" tag="600">
      <subfield code="a">Tolstoy, Leo,</subfield>
      <subfield code="c">graf,</subfield>
      <subfield code="d">1828-1910</subfield>
      <subfield code="v">Film and video adaptations.</subfield>
   </datafield>
   <datafield ind1=" " ind2="0" tag="650">
      <subfield code="a">Russian literature</subfield>
      <subfield code="v">Film adaptations.</subfield>
   </datafield>
   <datafield ind1=" " ind2="0" tag="650">
      <subfield code="a">Film adaptations</subfield>
      <subfield code="x">History and criticism.</subfield>
   </datafield>
   <datafield ind1="1" ind2=" " tag="700">
      <subfield code="a">Fitzsimmons, Lorna,</subfield>
      <subfield code="d">1957-</subfield>
      <subfield code="e">editor of compilation.</subfield>
   </datafield>
   <datafield ind1="1" ind2=" " tag="700">
      <subfield code="a">Denner, Michael A.,</subfield>
      <subfield code="e">editor of compilation.</subfield>
   </datafield>
   <datafield ind1=" " ind2=" " tag="949">
      <subfield code="a">PG 3415 F54 T69 2015</subfield>
      <subfield code="c">1</subfield>
      <subfield code="h">UAHS-B</subfield>
      <subfield code="i">0162035236585</subfield>
   </datafield>
   <datafield ind1=" " ind2=" " tag="926">
      <subfield code="a">PG 3415 F54 T69 2015</subfield>
      <subfield code="w">LC</subfield>
      <subfield code="c">1</subfield>
      <subfield code="i">0162035236585</subfield>
      <subfield code="d">3/31/2017</subfield>
      <subfield code="e">3/31/2017</subfield>
      <subfield code="k">CHECKEDOUT</subfield>
      <subfield code="l">ON_SHELF</subfield>
      <subfield code="m">UAHSS</subfield>
      <subfield code="n">2</subfield>
      <subfield code="p">$150.00</subfield>
      <subfield code="r">M</subfield>
      <subfield code="s">Y</subfield>
      <subfield code="t">BOOK</subfield>
      <subfield code="u">2/11/2015</subfield>
   </datafield>
</record>
